
@article{Benitez:1998br,
      author         = "Benitez, Narciso",
      title          = "{Bayesian photometric redshift estimation}",
      journal        = "Astrophys. J.",
      volume         = "536",
      year           = "2000",
      pages          = "571-583",
      doi            = "10.1086/308947",
      eprint         = "astro-ph/9811189",
      archivePrefix  = "arXiv",
      primaryClass   = "astro-ph",
      SLACcitation   = "%%CITATION = ASTRO-PH/9811189;%%"
}


@article{Coleman:1980ej,
      author         = "Coleman, G. D. and Wu, C. C. and Weedman, D. W.",
      title          = "{Colors and magnitudes predicted for high redshift
                        galaxies}",
      journal        = "Astrophys. J. Suppl.",
      volume         = "43",
      year           = "1980",
      pages          = "393-416",
      doi            = "10.1086/190674",
      SLACcitation   = "%%CITATION = APJSA,43,393;%%"
}


@article{Fukugita:1996qt,
      author         = "Fukugita, M. and Ichikawa, T. and Gunn, J. E. and Doi, M.
                        and Shimasaku, K. and Schneider, D. P.",
      title          = "{The Sloan digital sky survey photometric system}",
      journal        = "Astron. J.",
      volume         = "111",
      year           = "1996",
      pages          = "1748",
      doi            = "10.1086/117915",
      reportNumber   = "IASSNS-AST-96-3",
      SLACcitation   = "%%CITATION = ANJOA,111,1748;%%"
}


@article{Hogg:2002yh,
      author         = "Hogg, David W. and Baldry, Ivan K. and Blanton, Michael
                        R. and Eisenstein, Daniel J.",
      title          = "{The K correction}",
      year           = "2002",
      eprint         = "astro-ph/0210394",
      archivePrefix  = "arXiv",
      primaryClass   = "astro-ph",
      SLACcitation   = "%%CITATION = ASTRO-PH/0210394;%%"
}